<?xml version="1.0" encoding="UTF-8"?><collection xmlns="http://www.loc.gov/MARC21/slim"><record><leader>00555nam--2200193-i-4500</leader><controlfield tag="001">000016903</controlfield><controlfield tag="002">20161230</controlfield><controlfield tag="005">20161230201032</controlfield><controlfield tag="008">060222s1000------------r-----000-0-rus-d</controlfield><datafield ind1=" " ind2=" " tag="040"><subfield code="a">IFIN-HH</subfield></datafield><datafield ind1=" " ind2=" " tag="041"><subfield code="a">rus</subfield></datafield><datafield ind1=" " ind2=" " tag="080"><subfield code="a">538.971</subfield></datafield><datafield ind1="1" ind2=" " tag="100"><subfield code="a">Valiev, R.Z</subfield></datafield><datafield ind1="1" ind2="0" tag="245"><subfield code="a">Kristallo-geometriceskii analiz mejkristallitnih granit v praktike elektronnoi mikroskopii</subfield><subfield code="c">R.z. valiev, a.n. vergazobv, v.iu. gersman</subfield></datafield><datafield ind1=" " ind2=" " tag="260"><subfield code="a">Moskva</subfield><subfield code="b">Nauka</subfield><subfield code="c">1991</subfield></datafield><datafield ind1=" " ind2=" " tag="300"><subfield code="a">231P</subfield></datafield><datafield ind1="1" ind2=" " tag="700"><subfield code="a">Gersman, V.Iu</subfield></datafield><datafield ind1=" " ind2=" " tag="852"><subfield code="a">79779</subfield><subfield code="c">537.533.35</subfield></datafield><datafield ind1=" " ind2=" " tag="CAT"><subfield code="a">Sys</subfield><subfield code="c">20110915</subfield><subfield code="h">115952</subfield></datafield></record></collection>